
@article{patel_blinking_2021,
	title = {Blinking statistics and molecular counting in direct stochastic reconstruction microscopy ({dSTORM})},
	volume = {37},
	pages = {2730--2737},
	number = {17},
	journal = {Bioinformatics},
	author = {Patel, Lekha and Williamson, David and Owen, Dylan M. and Cohen, Edward A. K.},
	date = {2021-09-01},
	year = {2021},
}

@article{rollins_stochastic_2015,
	title = {Stochastic approach to the molecular counting problem in superresolution microscopy},
	volume = {112},
	number = {2},
	journal = {Proceedings of the National Academy of Sciences},
	author = {Rollins, Geoffrey C. and Shin, Jae Yen and Bustamante, Carlos and Pressé, Steve},
	date = {2015-01-13},
	year = {2015},
}

@article{schmied_fluorescence_2012,
	title = {Fluorescence and super-resolution standards based on {DNA} origami},
	volume = {9},
	pages = {1133--1134},
	number = {12},
	journal = {Nature Methods},
	shortjournal = {Nat Methods},
	author = {Schmied, Jürgen J. and Gietl, Andreas and Holzmeister, Phil and Forthmann, Carsten and Steinhauer, Christian and Dammeyer, Thorben and Tinnefeld, Philip},
	urldate = {2023-03-07},
	date = {2012-12},
	year = {2012},
}

@article{ulbrich_subunit_2007,
	title = {Subunit counting in membrane-bound proteins},
	volume = {4},
	pages = {319--321},
	number = {4},
	journal = {Nature Methods},
	shortjournal = {Nat Methods},
	author = {Ulbrich, Maximilian H. and Isacoff, Ehud Y.},
	urldate = {2023-03-07},
	date = {2007-04},
	year = {2007},
}

@article{geissbuehler_mapping_2012,
	title = {Mapping molecular statistics with balanced super-resolution optical fluctuation imaging ({bSOFI})},
	volume = {1},
	pages = {4},
	number = {1},
	journal = {Optical Nanoscopy},
	shortjournal = {Optical Nanoscopy},
	author = {Geissbuehler, Stefan and Bocchio, Noelia L. and Dellagiacoma, Claudio and Berclaz, Corinne and Leutenegger, Marcel and Lasser, Theo},
	urldate = {2023-03-07},
	date = {2012-04-25},
	year = {2012},
}

@article{jungmann_quantitative_2016,
	title = {Quantitative super-resolution imaging with {qPAINT}},
	volume = {13},
	pages = {439--442},
	number = {5},
	journal = {Nature Methods},
	shortjournal = {Nat Methods},
	author = {Jungmann, Ralf and Avendaño, Maier S. and Dai, Mingjie and Woehrstein, Johannes B. and Agasti, Sarit S. and Feiger, Zachary and Rodal, Avital and Yin, Peng},
	urldate = {2023-03-07},
	date = {2016-05},
	year = {2016},
}

@article{stein_calibration-free_2021,
	title = {Calibration-free counting of low molecular copy numbers in single {DNA}-{PAINT} localization clusters},
	volume = {1},
	pages = {100032},
	number = {2},
	journal = {Biophysical Reports},
	shortjournal = {Biophysical Reports},
	author = {Stein, Johannes and Stehr, Florian and Jungmann, Ralf and Schwille, Petra},
	urldate = {2023-03-07},
	date = {2021-12-08},
	year = {2021},
}

@article{gunzenhauser_quantitative_2012,
	title = {Quantitative Super-Resolution Imaging Reveals Protein Stoichiometry and Nanoscale Morphology of Assembling {HIV}-Gag Virions},
	volume = {12},
	pages = {4705--4710},
	number = {9},
	journal = {Nano Letters},
	shortjournal = {Nano Lett.},
	author = {Gunzenhäuser, Julia and Olivier, Nicolas and Pengo, Thomas and Manley, Suliana},
	urldate = {2023-03-14},
	date = {2012-09-12},
	year = {2012},
}

@article{otsuka_quantitative_2023,
	title = {A quantitative map of nuclear pore assembly reveals two distinct mechanisms},
	volume = {613},
	pages = {575--581},
	number = {7944},
	journal = {Nature},
	author = {Otsuka, Shotaro and Tempkin, Jeremy O. B. and Zhang, Wanlu and Politi, Antonio Z. and Rybina, Arina and Hossain, M. Julius and Kueblbeck, Moritz and Callegari, Andrea and Koch, Birgit and Morero, Natalia Rosalia and Sali, Andrej and Ellenberg, Jan},
	urldate = {2023-05-20},
	date = {2023-01},
	year = {2023},
	langid = {english},
}

@article{betzig_imaging_2006,
	title = {Imaging Intracellular Fluorescent Proteins at Nanometer Resolution},
	volume = {313},
	pages = {1642--1645},
	number = {5793},
	journal = {Science},
	shortjournal = {Science},
	author = {Betzig, Eric and Patterson, George H. and Sougrat, Rachid and Lindwasser, O. Wolf and Olenych, Scott and Bonifacino, Juan S. and Davidson, Michael W. and Lippincott-Schwartz, Jennifer and Hess, Harald F.},
	urldate = {2023-05-23},
	date = {2006-09-15},
	year = {2006},
	langid = {english},
}

@article{schnitzbauer_super-resolution_2017,
	title = {Super-resolution microscopy with {DNA}-{PAINT}},
	volume = {12},
	pages = {1198--1228},
	number = {6},
	journal = {Nature Protocols},
	shortjournal = {Nat Protoc},
	author = {Schnitzbauer, Joerg and Strauss, Maximilian T. and Schlichthaerle, Thomas and Schueder, Florian and Jungmann, Ralf},
	urldate = {2023-05-23},
	date = {2017-06},
	year = {2017},
	langid = {english},
}

@article{rust_sub-diffraction-limit_2006,
	title = {Sub-diffraction-limit imaging by stochastic optical reconstruction microscopy ({STORM})},
	volume = {3},
	pages = {793--796},
	number = {10},
	journal = {Nature Methods},
	shortjournal = {Nat Methods},
	author = {Rust, Michael J. and Bates, Mark and Zhuang, Xiaowei},
	urldate = {2023-05-23},
	date = {2006-10},
	year = {2006},
}

@article{mutch_deconvolving_2007,
	title = {Deconvolving Single-Molecule Intensity Distributions for Quantitative Microscopy Measurements},
	volume = {92},
	pages = {2926--2943},
	number = {8},
	journal = {Biophysical Journal},
	shortjournal = {Biophysical Journal},
	author = {Mutch, Sarah A. and Fujimoto, Bryant S. and Kuyper, Christopher L. and Kuo, Jason S. and Bajjalieh, Sandra M. and Chiu, Daniel T.},
	urldate = {2023-05-23},
	date = {2007-04-15},
	year = {2007},
}
